%% This BibTeX bibliography file was created using BibDesk.
%% http://bibdesk.sourceforge.net/

%% Created for Krikor Bisdikian at 2015-10-29 22:24:01 -0600 


%% Saved with string encoding Unicode (UTF-8) 



@url{:ae,
	Date-Added = {2015-10-29 06:34:18 +0000},
	Date-Modified = {2015-10-29 06:34:37 +0000},
	Lastchecked = {10/29/2015},
	Title = {LaTeX -- A document preparation system},
	Urldate = {https://latex-project.org}}

@url{:ad,
	Date-Added = {2015-10-29 06:33:30 +0000},
	Date-Modified = {2015-10-29 06:34:04 +0000},
	Lastchecked = {10/29/2015},
	Title = {ACM SIG Proceedings Templates},
	Urldate = {http://www.acm.org/publications/article-templates/proceedings-template.html/}}

@url{:ac,
	Date-Added = {2015-10-29 06:32:58 +0000},
	Date-Modified = {2015-10-29 06:33:27 +0000},
	Lastchecked = {10/29/2015},
	Title = {GraphSON Reader and Writer Library},
	Urldate = {https://github.com/tinkerpop/blueprints/wiki/GraphSON-Reader-and-Writer-Library}}

@url{Rodkin:aa,
	Author = {Craig Rodkin},
	Date-Added = {2015-10-29 06:32:30 +0000},
	Date-Modified = {2015-10-29 06:32:53 +0000},
	Lastchecked = {10/29/2015},
	Title = {ACM LaTeX Style Guide},
	Urldate = {http://www.acm.org/publications/article-templates/acm-latex-style-guide}}

@url{:ab,
	Date-Added = {2015-10-29 06:31:46 +0000},
	Date-Modified = {2015-10-29 06:32:13 +0000},
	Lastchecked = {10/29/2015},
	Title = {GDF Format},
	Urldate = {http://gephi.github.io/users/supported-graph-formats/gdf-format/}}

@url{:aa,
	Date-Added = {2015-10-29 06:30:59 +0000},
	Date-Modified = {2015-10-29 06:31:41 +0000},
	Lastchecked = {10/29/2015},
	Title = {GEXF File Format},
	Urldate = {http://gexf.net/format/}}

@url{Brandes:aa,
	Author = {Ulrik Brandes},
	Date-Added = {2015-10-29 06:28:39 +0000},
	Date-Modified = {2015-10-29 06:29:59 +0000},
	Lastchecked = {10/29/2015},
	Title = {GraphML Primer},
	Urldate = {http://graphml.graphdrawing.org/primer/graphml-primer.html}}

@url{:2015aa,
	Date-Added = {2015-10-29 06:26:49 +0000},
	Date-Modified = {2015-10-29 06:30:45 +0000},
	Lastchecked = {10/29/2015},
	Month = {October},
	Read = {1},
	Title = {Social circles: Facebook},
	Url = {https://snap.stanford.edu/data/egonets-Facebook.html},
	Year = {2015},
	Bdsk-Url-1 = {https://snap.stanford.edu/data/egonets-Facebook.html}}
